@INPROCEEDINGS{Lange92theemptiness,
    author = {Klaus-JÃ¶rn Lange and Peter Rossmanith},
    title = {The Emptiness Problem for Intersections of Regular Languages},
    booktitle = {In Proceedings of the 17th Conference on Mathematical Foundations of Computer Science, number 629 in LNCS},
    year = {1992},
    pages = {346--354},
    publisher = {Springer}
}

@article{BryansKMR08,
  author    = {Jeremy Bryans and
               Maciej Koutny and
               Laurent Mazar{\'{e}} and
               Peter Y. A. Ryan},
  title     = {Opacity generalised to transition systems},
  journal   = {Int. J. Inf. Sec.},
  year      = {2008},
  volume    = {7},
  number    = {6},
  pages     = {421--435},
  url       = {http://dx.doi.org/10.1007/s10207-008-0058-x},
  doi       = {10.1007/s10207-008-0058-x},
  timestamp = {Wed, 19 Nov 2014 13:35:05 +0100},
  biburl    = {http://dblp.uni-trier.de/rec/bib/journals/ijisec/BryansKMR08},
  bibsource = {dblp computer science bibliography, http://dblp.org}
}

@inproceedings{GorrieriV10,
  author    = {Roberto Gorrieri and
               Matteo Vernali},
  title     = {On Intransitive Non-interference in Some Models of Concurrency},
  booktitle = {Foundations of Security Analysis and Design {VI} - {FOSAD} Tutorial
               Lectures},
  year      = {2011},
  pages     = {125--151},
  crossref  = {DBLP:conf/fosad/2010},
  url       = {http://dx.doi.org/10.1007/978-3-642-23082-0_5},
  doi       = {10.1007/978-3-642-23082-0_5},
  timestamp = {Wed, 19 Nov 2014 13:57:55 +0100},
  biburl    = {http://dblp.uni-trier.de/rec/bib/conf/fosad/GorrieriV10},
  bibsource = {dblp computer science bibliography, http://dblp.org}
}

@ARTICLE{SamSRST96,
author={Sampath, M. and Sengupta, Raja and Lafortune, S. and Sinnamohideen, K. and Teneketzis, D.C.},
journal={Control Systems Technology, IEEE Transactions on},
title={Failure diagnosis using discrete-event models},
year={1996},
month={Mar},
volume={4},
number={2},
pages={105-124},
keywords={discrete event systems;failure analysis;fault diagnosis;large-scale systems;reliability theory;HVAC systems;continuous-variable dynamic systems;diagnosability;discrete-event models;failure detection;failure diagnosis;failure isolation;large complex systems;necessary and sufficient conditions;performance;reliability;Condition monitoring;Discrete event systems;Fault detection;Fault diagnosis;Fault trees;Heating;Isolation technology;Manufacturing systems;Reliability engineering;Sufficient conditions},
doi={10.1109/87.486338},
ISSN={1063-6536},}

@proceedings{DBLP:conf/fosad/2010,
  editor    = {Alessandro Aldini and
               Roberto Gorrieri},
  title     = {Foundations of Security Analysis and Design {VI} - {FOSAD} Tutorial
               Lectures},
  series    = {Lecture Notes in Computer Science},
  year      = {2011},
  volume    = {6858},
  publisher = {Springer},
  url       = {http://dx.doi.org/10.1007/978-3-642-23082-0},
  doi       = {10.1007/978-3-642-23082-0},
  isbn      = {978-3-642-23081-3},
  timestamp = {Wed, 19 Nov 2014 13:57:55 +0100},
  biburl    = {http://dblp.uni-trier.de/rec/bib/conf/fosad/2010},
  bibsource = {dblp computer science bibliography, http://dblp.org}
}
